@article{trend,
author = {Wu, Zhaohua and Huang, Norden E. and Long, Steven R. and Peng, Chung-Kang},
year = {2007},
month = {09},
pages = {14889-14894},
title = {On the trend, detrending, and variability of nonlinear and nonstationary time series},
volume = {104},
journal = {Proceedings of the National Academy of Sciences},
doi = {10.1073/pnas.0701020104}
}

@incollection{CNN_insights,
author       = {Goodfellow, Ian and
                Bengio, Yoshua and
                Courville, Aaron},
booktitle    = {Deep learning},
booksubtitle = {Convolutional Networks},
date         = {2017},
location     = {Cambridge, Massachusetts},
publisher    = {The MIT Press},
isbn         = {978-0262035613},
pages        = {105--116},
langid       = {english},}

@incollection{time_series_theory,
author       = {Øksendal, Bernt},
booktitle    = {Stochastic Differential Equations},
booksubtitle = {An Introduction with Applications},
date         = {2000},
location     = {Cambridge, Massachusetts},
publisher    = {Springer-Verlag},
isbn         = {978-3-540-60243-9},
pages        = {5--17},
langid       = {english},}

@article{time_series_classification,
author= {Del Pra, marco},
title={Time Series Classification with Deep Learning},
url={https://https://towardsdatascience.com/time-series-classification-with-deep-learning-d238f0147d6f},
urldate = {2022-04-19},      
journaltitle={Medium}
} 

@article{DTW_optimization,
author= {Faouzi, Johann},
url={https://pyts.readthedocs.io/en/stable/auto_examples/metrics/plot_dtw.html},
urldate = {2022-04-19},      
}

@inproceedings{echo_state_network_paper,
  title={A Review of Designs and Applications of Echo State Networks},
  author={Sun, Chenxi and Song, Moxian and Hong, Shenda and Li Hongyan },
  journal={arXiv preprint arXiv:2012.02974},
  url = {https://arxiv.org/abs/2012.02974},
  urldate = {2022-04-19},    
}

@inproceedings{echo_state_network_reservoir,
  title={Reservoir computing approaches for representation and classification of multivariate time series},
  author={Maria Bianchi, Filippo and Scardapane, Simone and Lokse, Sigurd and Jennsen, Robert},
  journal={arXiv preprint arXiv:1803.07870v3},
  url = {https://arxiv.org/abs/1803.07870},
  urldate = {2022-04-19},    
}

@inproceedings{inception_net,
  title={Going Deeper with Convolutions},
  author={Szegedy, Christian and Liu, Wei and Jia, Yangqing and Sermanet, Pierre and Reed, Scott and Anguelov, Dragomir and Erhan, Dumitru and Vanhoucke, Vincent and Rabinovich, Andreq},
  journal={arXiv preprint 	arXiv:1409.4842 },
  url = {https://arxiv.org/abs/1409.4842v1},
  urldate = {2022-04-19},    
}

@inproceedings{inception_net_residual_con,
  title={Inception-v4, Inception-ResNet and the Impact of Residual Connections on Learning},
  author={Szegedy, Christian and Ioffe, Sergey and Vanhoucke, Vincen and Alemi Alex},
  journal={arXiv preprint arXiv:1602.07261},
  url = {https://arxiv.org/abs/1602.07261},
  urldate = {2022-04-19},    
}

@inproceedings{one_one_conv,
  title={Network In Network},
  author={Lin, Min and Chen, Qiang and Yan, Shuicheng},
  journal={arXiv preprint arXiv:1312.4400},
  url = {https://arxiv.org/abs/1312.4400},
  urldate = {2022-04-19},    
}

@inproceedings{resnet_cnn,
  title={Deep Residual Learning for Image Recognition},
  author={He, Kaiming and Zhang, Xiangyu and Ren, Shaoqing and Sun, Jian},
  journal={arXiv preprint arXiv:1512.03385},
  url = {https://arxiv.org/abs/1512.03385},
  urldate = {2022-04-19},    
}

@article{Sakoe_and_Chibu,
author = {Sakoe, S. and Chiba, S.},
year = {1978},
month = {02},
pages = {43-49},
title = {Dynamic programming algorithm optimization for spoken word recognition},
volume = {26},
journal = {IEEE Transactions on Acoustics, Speech, and Signal Processing},
doi = {10.1109/TASSP.1978.1163055}
}

@article{Itakura,
author = {Itakura, Fumitada},
year = {1975},
month = {02},
pages = {67-72},
title = {Minimum prediction residual principle applied to speech recognition},
volume = {23},
journal = {IEEE Transactions on Acoustics, Speech, and Signal Processing},
doi = {10.1109/TASSP.1975.1162641}
}

@inproceedings{Cuturi,
author = {Cuturi, Marco},
year = {2011},
month = {01},
pages = {929-936},
title = {Fast Global Alignment Kernels.},
journal = {Proceedings of the 28th International Conference on Machine Learning, ICML 2011}
}



@article{learning_shaplet_leaf_img,
author={Ye, Lexiang and Keogh, Eamonn},
year = {2009},
month = {05},
pages = {947--956},
title = {Time series shapelets: a new primitive for data mining},
journal = {Proceedings of the 15th ACM SIGKDD international conference on Knowledge discovery and data mining},
doi = {10.1145/1557019.1557122}
}



@article{learning_shaplet_img,
author= {Faouzi, Johann},
url={https://pyts.readthedocs.io/en/stable/_images/sphx_glr_plot_learning_shapelets_001.png},
urldate = {2022-04-19},      
}

@article{bag_of_patterns_img,
author= {Faouzi, Johann},
url={https://pyts.readthedocs.io/en/stable/auto_examples/transformation/plot_bop.html},
urldate = {2022-04-19},      
}



@inproceedings{kernel_theory,
  title={Kernel methods in machine learning},
  author={Hofmann, Thomas and Schölkopf, Bernhard and J. Smola, Alexander},
  journal={	arXiv:math/0701907},
  url = {https://arxiv.org/abs/math/0701907},
  urldate = {2022-04-20},    
}


@article{extreme_random_forest,
author={ Geurts, Pierre and Ernst, Damien and Wehenkel, Louis   },
year = {2006},
month = {03},
pages = {3--42},
title = {Extremely randomized trees
},
doi = {10.1007/s10994-006-6226-1},
}

@inproceedings{timeseries_forest,
  title={A Time Series Forest for Classification and Feature Extraction},
  author={Deng, Houtao and Runger, George and Tuv, Eugene},
  journal={arXiv preprint arXiv:1302.2277 },
  url = {https://arxiv.org/abs/1302.2277},
  urldate = {2022-04-20},    
}

@inproceedings{proximity_forest,
  title={Proximity Forest: An effective and scalable distance-based classifier for time series},
  author={Lucas, Benjamin and Shifaz, Ahmed and Pelletier, Charlotte and O'Neill, Lachlan and Zaidi, Nayyar and Goethals, Bart and Petitjean, Francois and I. Webb, Geoffrey},
  journal={arXiv preprint arXiv:1808.10594 },
  url = {https://arxiv.org/abs/1808.10594},
  urldate = {2022-04-20},    
}


@inproceedings{soft-DTW,
  title={Soft-DTW: a Differentiable Loss Function for Time-Series},
  author={Cuturi, Marco and Blondel, Mathieu},
  journal={arXiv preprint arXiv:1703.01541v2 },
  url = {https://arxiv.org/abs/1703.01541},
  urldate = {2022-04-20},    
}

@article{SAX_VSM,
author={Senin, Pavel and Malinchik, Sergey},
year = {2013},
pages = {1175--1180},
title = {SAX-VSM: Interpretable
Time Series Classification Using SAX and Vector Space Mode.},
journal = {2013 IEEE 13th International Conference on Data Mining},
doi = {10.1007/s10618-014-0377-7},
}

@article{bag_of_patterns,
author={Lin, jessica and Khade, Rohan and Li, Yuan},
year = {2012},
month = {10},
pages = {287--315},
title = {Rotation-invariant similarity in time series using bag-of-patterns representation},
volume = {39},
journal = {Journal of Intelligent Information Systems},
doi = {10.1007/s10844-012-0196-5},
}

@article{symbolic_fourier_approximation,
author={Schäfer, Patrick and Högqvist, Mikael},
year = {2012},
month = {03},
pages = {516-527},
title = {SFA: a symbolic fourier approximation and index for similarity search in high dimensional datasets.},
journal = {15th International Conference on Extending Database Technology Berlin Germany},
doi = {10.1145/2247596.2247656},
}

@article{BOSS,
author={Schäfer, Patrick },
year = {2015},
pages = {1505--1530},
title = {The BOSS is concerned with time series classification in the presence of noise},
journal = {Data Mining and Knowledge Discovery 29},
doi = {10.1007/s10618-014-0377-7},
}

@article{books_price,
author= {Aiimpacts},
url={https://aiimpacts.org/wp-content/uploads/2019/10/RealPrice-1024x768.png},
urldate = {2022-04-19},      
}

@article{books_production,
author= {Aiimpacts},
url={https://aiimpacts.org/wp-content/uploads/2019/10/BookProduction-1024x768.png},
urldate = {2022-04-19},      
}

@inproceedings{batch_normalization,
  title={Batch Normalization: Accelerating Deep Network Training by Reducing Internal Covariate Shift},
  author={Szegedy, Christian and Ioffe, Sergey},
  journal={arXiv preprint arXiv:1502.03167v3},
  url = {https://arxiv.org/abs/1502.03167v3},
  urldate = {2022-05-01}, 
}

@article{markov_transition_field,
author= {Wang, Zhiguang},
url={https://www.researchgate.net/profile/Zhiguang-Wang-7/publication/275970614/figure/fig1/AS:669545782054930@1536643562548/Illustration-of-the-proposed-encoding-map-of-Markov-Transition-Field-X-is-a-sequence-of.jpg},
urldate = {2022-04-29},      
}